%% This BibTeX bibliography file was created using BibDesk.
%% http://bibdesk.sourceforge.net/

%% Created for zxy at 2016-03-30 15:27:19 +0800 


%% Saved with string encoding Unicode (UTF-8) 



@book{mik13,
	Date-Added = {2016-03-30 07:26:28 +0000},
	Date-Modified = {2016-03-30 07:27:19 +0000},
	Editor = {Mikel Duke and Dongyuan Zhao and Raphael Semiat},
	Publisher = {Wiley-VCH},
	Title = {Functional nanostructured materials and membranes for water treatment},
	Year = {2013}}

@book{sco95,
	Author = {Scott, K.},
	Date-Added = {2016-03-28 00:05:59 +0000},
	Date-Modified = {2016-03-28 00:06:38 +0000},
	Publisher = {Elsevier Advanced Technology},
	Title = {Handbook of industrial membranes},
	Year = {1995}}

@article{kor04,
	Author = {Koros, William J.},
	Date-Added = {2016-03-27 00:45:04 +0000},
	Date-Modified = {2016-03-27 00:45:48 +0000},
	Journal = {AIChE Journal},
	Number = {10},
	Pages = {2326-2334},
	Title = {Evolving beyond the thermal age of separation processes Membranes can lead the way},
	Volume = {50},
	Year = {2004}}

@book{sin15,
	Author = {Rajindar Singh},
	Date-Added = {2016-03-26 23:49:15 +0000},
	Date-Modified = {2016-03-27 00:28:55 +0000},
	Edition = {Second edition.},
	Publisher = {Butterworth-Heinemann},
	Title = {Membrane technology and engineering for water purification application, systems design and operation},
	Year = {2015}}

@article{wang10,
	Author = {Wang, R and Shi, L and Tang, Cy and Chou, S and Qiu, C and Fane, Ag},
	Date-Added = {2016-03-24 13:48:34 +0000},
	Date-Modified = {2016-03-24 13:49:20 +0000},
	Journal = {Journal Of Membrane Science},
	Number = {1-2},
	Pages = {158-167},
	Title = {Characterization of novel forward osmosis hollow fiber membranes},
	Volume = {355},
	Year = {2010}}

@article{cath06,
	Author = {Cath, Tzahi Y. and Childress, Amy E. and Elimelech, Menachem},
	Date-Added = {2016-03-24 13:46:47 +0000},
	Date-Modified = {2016-03-24 13:47:26 +0000},
	Journal = {Journal of Membrane Science},
	Number = {1},
	Pages = {70-87},
	Title = {Forward osmosis: Principles, applications, and recent developments},
	Volume = {281},
	Year = {2006}}

@article{lee11,
	Author = {Lee, Kah Peng and Arnot, Tom C. and Mattia, Davide},
	Date-Added = {2016-03-24 13:44:13 +0000},
	Date-Modified = {2016-03-24 13:45:07 +0000},
	Journal = {Journal of Membrane Science},
	Number = {1},
	Pages = {1-22},
	Title = {A review of reverse osmosis membrane materials for desalination---Development to date and future potential},
	Volume = {370},
	Year = {2011}}

@article{71nair,
	Author = {Nair, R R and Wu, H A and Jayaram, P N and Grigorieva, I V and Geim, A K},
	Date-Added = {2016-03-06 09:50:22 +0000},
	Date-Modified = {2016-03-06 09:51:24 +0000},
	Journal = {Science (New York, N.Y.)},
	Month = {January},
	Pages = {442-444},
	Title = {Unimpeded permeation of water through helium-leak-tight graphene-based membranes},
	Volume = {335},
	Year = {2012}}

@article{30apen,
	Author = {Pendergast, Marytheresa M. and Hoek, Eric M.v.},
	Date-Added = {2016-03-06 06:26:44 +0000},
	Date-Modified = {2016-03-06 06:27:30 +0000},
	Journal = {Energy and Environmental Science},
	Number = {6},
	Pages = {1946-1971},
	Title = {A review of water treatment membrane nanotechnologies},
	Volume = {4},
	Year = {2011}}

@article{69cong,
	Author = {Cong, Hailin and Zhang, Jianmin and Radosz, Maciej and Shen, Youqing},
	Date-Added = {2016-03-06 06:02:38 +0000},
	Date-Modified = {2016-03-06 06:03:19 +0000},
	Journal = {Journal of Membrane Science},
	Number = {1},
	Pages = {178-185},
	Title = {Carbon nanotube composite membranes of brominated poly(2,6-diphenyl-1,4-phenylene oxide) for gas separation},
	Volume = {294},
	Year = {2007}}

@article{67achan,
	Author = {Chan, Wai-Fong and Chen, Hang-Yan and Surapathi, Anil and Taylor, Michael G and Shao, Xiaohong and Marand, Eva and Johnson, J Karl},
	Date-Added = {2016-03-06 06:01:02 +0000},
	Date-Modified = {2016-03-06 06:02:05 +0000},
	Journal = {ACS nano},
	Number = {6},
	Pages = {5308-5319},
	Title = {Zwitterion functionalized carbon nanotube/polyamide nanocomposite membranes for water desalination},
	Volume = {7},
	Year = {2013}}

@article{70zang,
	Author = {Zang, Ji and Konduri, Suchitra and Nair, Sankar and Sholl, David S},
	Date-Added = {2016-03-06 05:58:39 +0000},
	Date-Modified = {2016-03-06 05:59:27 +0000},
	Journal = {ACS nano},
	Month = {June},
	Number = {6},
	Pages = {1548-1556},
	Title = {Self-diffusion of water and simple alcohols in single-walled aluminosilicate nanotubes},
	Volume = {3},
	Year = {2009}}

@article{15fane,
	Author = {Fane, Anthony G. and Wang, Rong and Hu, Matthew X.},
	Date-Added = {2016-03-06 04:38:18 +0000},
	Date-Modified = {2016-03-06 04:39:12 +0000},
	Journal = {Angewandte Chemie International Edition},
	Number = {11},
	Pages = {3368-3386},
	Title = {Synthetic Membranes for Water Purification: Status and Future},
	Volume = {54},
	Year = {2015}}

@article{59dare,
	Author = {Darestani, M. T. and Coster, H. G. L. and Chilcott, T. C.},
	Date-Added = {2016-03-05 06:24:16 +0000},
	Date-Modified = {2016-03-05 06:25:01 +0000},
	Journal = {Journal of Membrane Science},
	Month = {May},
	Pages = {226},
	Title = {Piezoelectric membranes for separation processes: Operating conditions and filtration performance},
	Volume = {435},
	Year = {2013}}

@article{58hu,
	Author = {Hu, Jinhua and Yu, Hui and Gan, Leong Huat and Hu, Xiao},
	Date-Added = {2016-03-05 05:56:04 +0000},
	Date-Modified = {2016-03-05 05:56:58 +0000},
	Journal = {Soft Matter},
	Number = {24},
	Pages = {11345-11350},
	Title = {Photo-driven pulsating vesicles from self-assembled lipid-like azopolymers Photo-driven pulsating vesicles from self-assembled lipid-like azopolymers Photo-driven pulsating vesicles from self-assembled lipid-like azopolymers},
	Volume = {7},
	Year = {2011}}

@article{101kaz,
	Author = {Kazemimoghadam, Mansoor},
	Date-Added = {2016-02-28 08:47:52 +0000},
	Date-Modified = {2016-02-28 08:48:38 +0000},
	Journal = {Desalination},
	Number = {1},
	Pages = {176-180},
	Title = {New nanopore zeolite membranes for water treatment},
	Volume = {251},
	Year = {2010}}

@article{100caro,
	Author = {Caro, Juergen and Noack, Manfred},
	Date-Added = {2016-02-28 08:31:30 +0000},
	Date-Modified = {2016-02-28 08:32:06 +0000},
	Journal = {Microporous and Mesoporous Materials},
	Number = {3},
	Pages = {215-233},
	Title = {Zeolite membranes -- Recent developments and progress},
	Volume = {115},
	Year = {2008}}

@article{94azhang,
	Author = {Zhang, Yuan and Wang, Rong},
	Date-Added = {2016-02-27 09:50:00 +0000},
	Date-Modified = {2016-02-27 09:50:38 +0000},
	Journal = {Journal of Membrane Science},
	Pages = {170-180},
	Title = {Fabrication of novel polyetherimide-fluorinated silica organic--inorganic composite hollow fiber membranes intended for membrane contactor application},
	Volume = {443},
	Year = {2013}}

@article{94bzhang,
	Author = {Zhang, Yuan and Wang, Rong},
	Date-Added = {2016-02-27 09:47:58 +0000},
	Date-Modified = {2016-02-27 09:50:51 +0000},
	Journal = {Journal of Membrane Science},
	Pages = {379-389},
	Title = {Novel method for incorporating hydrophobic silica nanoparticles on polyetherimide hollow fiber membranes for CO2 absorption in a gas--liquid membrane contactor},
	Volume = {452},
	Year = {2014}}

@article{83wong,
	Author = {Wongchitphimon, Sunee and Wang, Rong and Jiraratananon, Ratana},
	Date-Added = {2016-02-27 09:14:28 +0000},
	Date-Modified = {2016-02-27 09:15:06 +0000},
	Journal = {Journal of Membrane Science},
	Number = {1},
	Pages = {183-191},
	Title = {Surface modification of polyvinylidene fluoride- co-hexafluoropropylene (PVDF--HFP) hollow fiber membrane for membrane gas absorption},
	Volume = {381},
	Year = {2011}}

@article{91lv,
	Author = {Lv, Yuexia and Yu, Xinhai and Jia, Jingjing and Tu, Shan - Tung and Yan, Jinyue and Dahlquist, Erik},
	Date-Added = {2016-02-27 02:14:48 +0000},
	Date-Modified = {2016-02-27 02:15:40 +0000},
	Journal = {Applied Energy},
	Month = {February},
	Number = {1},
	Pages = {167},
	Title = {Fabrication and characterization of superhydrophobic polypropylene hollow fiber membranes for carbon dioxide absorption},
	Volume = {90},
	Year = {2012}}

@article{90gug,
	Author = {Gugliuzza, A. and Drioli, E.},
	Date-Added = {2016-02-26 08:20:41 +0000},
	Date-Modified = {2016-02-26 08:21:24 +0000},
	Journal = {Journal of Membrane Science},
	Number = {1},
	Pages = {51-62},
	Title = {PVDF and HYFLON AD membranes: Ideal interfaces for contactor applications},
	Volume = {300},
	Year = {2007}}

@article{80kim,
	Author = {Kim, Jae-Hyuk and Park, Pyung-Kyu and Lee, Chung-Hak and Kwon, Heock-Hoi},
	Date-Added = {2016-02-26 06:01:52 +0000},
	Date-Modified = {2016-02-26 06:02:42 +0000},
	Journal = {Journal of Membrane Science},
	Number = {2},
	Pages = {190-198},
	Title = {Surface modification of nanofiltration membranes to improve the removal of organic micro-pollutants (EDCs and PhACs) in drinking water treatment: Graft polymerization and cross-linking followed by functional group substitution},
	Volume = {321},
	Year = {2008}}

@article{79akb,
	Author = {Akbari, A. and Desclaux, S. and Rouch, J.C. and Remigy, J.C.},
	Date-Added = {2016-02-26 05:47:11 +0000},
	Date-Modified = {2016-02-26 05:48:14 +0000},
	Journal = {Journal of Membrane Science},
	Number = {1},
	Pages = {243-252},
	Title = {Application of nanofiltration hollow fibre membranes, developed by photografting, to treatment of anionic dye solutions},
	Volume = {297},
	Year = {2007}}

@inbook{06tsu,
	Author = {Tsujii, Yoshinobu and Ohno, Kohji and Yamamoto, Shinpei and Goto, Atsushi and Fukuda, Takeshi},
	Chapter = {Structure and Properties of High-Density Polymer Brushes Prepared by Surface-Initiated Living Radical Polymerization},
	Date-Added = {2016-02-26 05:00:42 +0000},
	Date-Modified = {2016-02-26 05:02:03 +0000},
	Publisher = {Springer Berlin Heidelberg},
	Title = {Surface-Initiated Polymerization I},
	Year = {2006}}

@article{77tur,
	Author = {Tur, Eren and Onal‚Äêulusoy, Baran and Akdogan, Ebru and Mutlu, Mehmet},
	Date-Added = {2016-02-26 04:56:07 +0000},
	Date-Modified = {2016-02-26 04:56:53 +0000},
	Journal = {Journal of Applied Polymer Science,},
	Number = {6},
	Pages = {3402-3411},
	Title = {Surface modification of polyethersulfone membrane to improve its hydrophobic characteristics for waste frying oil filtration: Radio frequency plasma treatment},
	Volume = {123},
	Year = {2012}}

@article{08mina,
	Author = {Minamisawa, Renato Amaral and Zimmerman, Robert Lee and Ila, Daryush},
	Date-Added = {2016-02-26 04:54:08 +0000},
	Date-Modified = {2016-02-26 04:55:05 +0000},
	Journal = {Nuclear Inst. and Methods in Physics Research, B},
	Month = {April},
	Number = {8},
	Pages = {1273-1275},
	Title = {Creation mechanism of pores by ion beam modification of fluoropolymer film membranes},
	Volume = {266},
	Year = {2008}}

@article{10abu,
	Author = {Abu Seman, M.N. and Khayet, M. and Bin Ali, Z.I. and Hilal, N.},
	Date-Added = {2016-02-26 04:52:55 +0000},
	Date-Modified = {2016-02-26 04:53:35 +0000},
	Journal = {Journal of Membrane Science},
	Number = {1},
	Pages = {133-141},
	Title = {Reduction of nanofiltration membrane fouling by UV-initiated graft polymerization technique},
	Volume = {355},
	Year = {2010}}

@article{08dai,
	Author = {Dai, Zheng-Wei and Wan, Ling-Shu and Xu, Zhi-Kang},
	Date-Added = {2016-02-26 04:51:34 +0000},
	Date-Modified = {2016-02-26 04:52:16 +0000},
	Journal = {Journal of Membrane Science},
	Number = {1},
	Pages = {479-485},
	Title = {Surface glycosylation of polyacrylonitrile ultrafiltration membrane to improve its anti-fouling performance},
	Volume = {325},
	Year = {2008}}

@article{05red,
	Author = {Reddy, A.V.R. and Trivedi, J.J. and Devmurari, C.V. and Mohan, D.J. and Singh, P. and Rao, A.P. and Joshi, S.V. and Ghosh, P.K.},
	Date-Added = {2016-02-26 04:48:57 +0000},
	Date-Modified = {2016-02-26 04:49:57 +0000},
	Journal = {Desalination},
	Number = {1},
	Pages = {301-306},
	Title = {Fouling resistant membranes in desalination and water recovery},
	Volume = {183},
	Year = {2005}}

@book{62ari,
	Author = {Rijn, C. J. M. van},
	Date-Added = {2016-02-24 11:08:27 +0000},
	Date-Modified = {2016-02-24 11:09:45 +0000},
	Edition = {1st},
	Publisher = {Elsevier},
	Series = {Membrane science and technology series},
	Title = {Nano and micro engineered membrane technology},
	Year = {2004}}

@article{46zhao,
	Author = {Zhao, Yang and Qiu, Changquan and Li, Xuesong and Vararattanavech, Ardcharaporn and Shen, Wenming and Torres, Jaume and H{\'e}lix-Nielsen, Claus and Wang, Rong and Hu, Xiao and Fane, Anthony G. and Tang, Chuyang Y.},
	Date-Added = {2016-02-24 07:07:30 +0000},
	Date-Modified = {2016-02-24 07:11:28 +0000},
	Journal = {Journal of Membrane Science},
	Number = {422-428},
	Title = {Synthesis of robust and high-performance aquaporin-based biomimetic membranes by interfacial polymerization-membrane preparation and RO performance characterization},
	Volume = {423-424},
	Year = {2012}}

@article{45eli,
	Author = {Li, Xuesong and Wang, Rong and Wicaksana, Filicia and Tang, Chuyang and Torres, Jaume and Fane, Anthony Gordon},
	Date-Added = {2016-02-24 06:42:04 +0000},
	Date-Modified = {2016-02-24 06:43:04 +0000},
	Journal = {Journal of Membrane Science},
	Pages = {181-188},
	Title = {Preparation of high performance nanofiltration (NF) membranes incorporated with aquaporin Z},
	Volume = {450},
	Year = {2014}}

@article{45dli,
	Author = {Li, Xuesong and Wang, Rong and Wicaksana, Filicia and Zhao, Yang and Tang, Chuyang and Torres, Jaume and Fane, Anthony Gordon},
	Date-Added = {2016-02-24 06:40:30 +0000},
	Date-Modified = {2016-02-24 06:41:25 +0000},
	Journal = {Colloids and Surfaces B: Biointerfaces},
	Pages = {446-452},
	Title = {Fusion behaviour of aquaporin Z incorporated proteoliposomes investigated by quartz crystal microbalance with dissipation (QCM-D) Fusion behaviour of aquaporin Z incorporated proteoliposomes investigated by quartz crystal microbalance with dissipation (QCM-D)},
	Volume = {111},
	Year = {2013}}

@article{45chong,
	Author = {Hong Lei Wang and Tai-Shung Chung and Yen Wah Tong and Kandiah Jeyaseelan and Arunmozhiarasi Armugam and Hoang Hanh Phuoc Duong and Fengjiang Fu and Harry Seah and Jing Yang and Minghui Hong},
	Date-Added = {2016-02-24 06:37:50 +0000},
	Date-Modified = {2016-02-24 06:39:44 +0000},
	Journal = {Journal of Membrane Science},
	Month = {May},
	Pages = {130},
	Title = {Mechanically robust and highly permeable AquaporinZ biomimetic membranes},
	Volume = {434},
	Year = {2013}}

@article{45bli,
	Author = {Li, Xuesong and Wang, Rong and Tang, Chuyang and Vararattanavech, Ardcharaporn and Zhao, Yang and Torres, Jaume and Fane, Tony},
	Date-Added = {2016-02-24 06:36:23 +0000},
	Date-Modified = {2016-02-24 06:37:19 +0000},
	Journal = {Colloids and Surfaces B: Biointerfaces},
	Pages = {333-340},
	Title = {Preparation of supported lipid membranes for aquaporin Z incorporation},
	Volume = {94},
	Year = {2012}}

@article{45akauf,
	Author = {Kaufman, Yair and Berman, Amir and Freger, Viatcheslav},
	Date-Added = {2016-02-24 06:33:16 +0000},
	Date-Modified = {2016-02-24 06:34:36 +0000},
	Journal = {Langmuir : the ACS journal of surfaces and colloids},
	Month = {May},
	Number = {10},
	Pages = {7388-7395},
	Title = {Supported lipid bilayer membranes for water purification by reverse osmosis Supported lipid bilayer membranes for water purification by reverse osmosis Supported lipid bilayer membranes for water purification by reverse osmosis},
	Volume = {26},
	Year = {2010}}

@article{13mar,
	Author = {Marios C. Papadopoulos and Alan S. Verkman},
	Date-Added = {2016-02-24 05:56:30 +0000},
	Date-Modified = {2016-02-24 05:58:04 +0000},
	Journal = {Nature Reviews Neuroscience},
	Number = {4},
	Pages = {265},
	Title = {Aquaporin water channels in the nervous system},
	Volume = {14},
	Year = {2013}}

@article{34bma,
	Author = {Ma, Ning and Wei, Jing and Qi, Saren and Zhao, Yang and Gao, Yiben and Tang, Chuyang Y.},
	Date-Added = {2016-02-24 05:21:47 +0000},
	Date-Modified = {2016-02-24 05:22:35 +0000},
	Journal = {Journal of Membrane Science},
	Pages = {54-62},
	Title = {Nanocomposite substrates for controlling internal concentration polarization in forward osmosis membranes},
	Volume = {441},
	Year = {2013}}

@article{34ama,
	Author = {Ma, Ning and Wei, Jing and Liao, Rihong and Tang, Chuyang Y.},
	Date-Added = {2016-02-24 05:20:21 +0000},
	Date-Modified = {2016-02-24 05:21:11 +0000},
	Journal = {Journal of Membrane Science},
	Pages = {149-157},
	Title = {Zeolite-polyamide thin film nanocomposite membranes: Towards enhanced performance for forward osmosis},
	Volume = {405-406},
	Year = {2012}}

@article{33shi,
	Author = {Shi, L and Chou, Sr and Wang, R and Fang, Wx and Tang, Cy and Fane, Ag},
	Date-Added = {2016-02-24 05:12:31 +0000},
	Date-Modified = {2016-02-24 05:14:45 +0000},
	Journal = {Journal Of Membrane Science},
	Number = {1-2},
	Pages = {116-123},
	Title = {Effect of substrate structure on the performance of thin-film composite forward osmosis hollow fiber membranes},
	Volume = {382},
	Year = {2011}}

@article{32bwei,
	Author = {Wei, J and Liu, X and Qiu, C and Wang, R and Tang, Cy},
	Date-Added = {2016-02-24 05:09:12 +0000},
	Date-Modified = {2016-02-24 05:10:19 +0000},
	Journal = {Journal Of Membrane Science},
	Number = {1-2},
	Pages = {110-117},
	Title = {Influence of monomer concentrations on the performance of polyamide-based thin film composite forward osmosis membranes},
	Volume = {381},
	Year = {2011}}

@article{32afang,
	Author = {Fang, Wangxi and Wang, Rong and Chou, Shuren and Setiawan, Lauren and Fane, Anthony Gordon},
	Date-Added = {2016-02-24 02:11:19 +0000},
	Date-Modified = {2016-02-24 02:23:10 +0000},
	Journal = {Journal of Membrane Science},
	Month = {March},
	Number = {11},
	Pages = {394-395},
	Title = {Composite forward osmosis hollow fiber membranes: Integration of RO- and NF-like selective layers to enhance membrane properties of anti-scaling and anti-internal concentration polarization},
	Volume = {140},
	Year = {2012}}

@article{31achou,
	Author = {Chou, S and Shi, L and Wang, R and Tang, Cy and Qiu, C and Fane, Ag},
	Date-Added = {2016-02-24 02:11:18 +0000},
	Date-Modified = {2016-02-24 02:12:24 +0000},
	Journal = {Desalination},
	Number = {3},
	Pages = {365-372},
	Title = {Characteristics and potential applications of a novel forward osmosis hollow fiber membrane},
	Volume = {261},
	Year = {2010}}

@article{29kwa,
	Author = {Kwak, Seung-Yeop and Suzuki, Takenori},
	Date-Added = {2016-02-24 01:53:15 +0000},
	Date-Modified = {2016-02-24 01:57:56 +0000},
	Journal = {Environmental Science and Technology},
	Month = {March},
	Number = {6},
	Pages = {1764-1770},
	Title = {Positron annihilation spectroscopic evidence to demonstrate the flux-enhancement mechanism in morphology-controlled thin-film-composite (TFC) membrane},
	Volume = {39},
	Year = {2005}}

@article{27man,
	Author = {Mansourpanah, Y. and Madaeni, S.S. and Rahimpour, A.},
	Date-Added = {2016-02-24 01:50:21 +0000},
	Date-Modified = {2016-02-24 01:51:08 +0000},
	Journal = {Journal of Membrane Science},
	Number = {1},
	Pages = {219-228},
	Title = {Fabrication and development of interfacial polymerized thin-film composite nanofiltration membrane using different surfactants in organic phase; study of morphology and performance},
	Volume = {343},
	Year = {2009}}

@article{28yan,
	Author = {Yang, Fajie and Zhang, Shouhai and Yang, Daling and Jian, Xigao},
	Date-Added = {2016-02-24 01:48:41 +0000},
	Date-Modified = {2016-02-24 01:49:30 +0000},
	Journal = {Journal of Membrane Science},
	Number = {1},
	Pages = {85-92},
	Title = {Preparation and characterization of polypiperazine amide/PPESK hollow fiber composite nanofiltration membrane},
	Volume = {301},
	Year = {2007}}

@inbook{07gop,
	Address = {New York},
	Author = {Gopal, Renuga and Zuwei, Ma and Kaur, Satinderpal and Ramakrishna, Seeram},
	Chapter = {Surface Modification and Application of Functionalized Polymer Nanofibers},
	Date-Added = {2016-02-23 11:37:16 +0000},
	Date-Modified = {2016-02-23 11:54:11 +0000},
	Pages = {72-91},
	Publisher = {Springer New York},
	Title = {Molecular Building Blocks for Nanotechnology: From Diamondoids to Nanoscale Materials and Applications},
	Year = {2007}}

@article{74set,
	Author = {Setiawan, Laurentia and Wang, Rong and Tan, Sihui and Shi, Lei and Fane, Anthony G.},
	Date-Added = {2016-02-23 11:20:22 +0000},
	Date-Modified = {2016-02-23 11:22:10 +0000},
	Journal = {Desalination},
	Title = {Fabrication of poly(amide-imide)-polyethersulfone dual layer hollow fiber membranes applied in forward osmosis by combined polyelectrolyte cross-linking and depositions},
	Year = {2012}}

@article{75cnad,
	Author = {Nady, Norhan and Franssen, Maurice C.R. and Zuilhof, Han and Eldin, Mohamed S. Mohy and Boom, Remko and Schro{\"e}n, Karin},
	Date-Added = {2016-02-23 11:00:18 +0000},
	Date-Modified = {2016-02-23 11:01:28 +0000},
	Journal = {Desalination},
	Number = {1},
	Pages = {1-9},
	Title = {Modification methods for poly(arylsulfone) membranes: A mini -review focusing on surface modification},
	Volume = {275},
	Year = {2011}}

@article{gra22,
	Author = {Gracia, R. and Cort{\'e}s, S. and Sarasa, J. and Ormad, P. and Ovelleiro, J.L.},
	Date-Added = {2016-02-23 07:02:47 +0000},
	Date-Modified = {2016-02-23 07:03:46 +0000},
	Journal = {Ozone Science and Engineering, 2000, Vol.22(5), p.461-471},
	Number = {5},
	Pages = {461-471},
	Title = {Heterogeneous Catalytic Ozonation with Supported Titanium Dioxide in Model and Natural Waters},
	Volume = {22},
	Year = {2000}}

@article{ozo1,
	Author = {Gracia, R. and Cort{\'e}s, S. and Sarasa, J. and Ormad, P. and Ovelleiro, J.L.},
	Date-Added = {2016-02-23 06:57:16 +0000},
	Date-Modified = {2016-02-23 07:05:01 +0000},
	Journal = {Ozone Science and Engineering},
	Number = {2},
	Pages = {185-193},
	Title = {Catalytic Ozonation with Supported Titanium Dioxide. The Stability of Catalyst in Water},
	Volume = {22},
	Year = {2000}}

@article{000has,
	Author = {Hashino, M. and Mori, Y. and Fujii, Y. and Motoyama, N. and Kadokawa, N. and Hoshikawa, H. and Nishijima, W. and Okada, M.},
	Date-Added = {2016-02-22 04:35:41 +0000},
	Date-Modified = {2016-02-22 04:36:19 +0000},
	Journal = {Water Science and Technology},
	Number = {10-11},
	Pages = {17-23},
	Title = {Pilot plant evaluation of an ozone-microfiltration system for drinking water treatment},
	Volume = {41},
	Year = {2000}}

@article{ver01,
	Author = {Verbeck, J.Q.J.C. and Worm, G.I.M. and Futselaar, H. and van Dijk, J.C.},
	Date-Added = {2016-02-22 04:33:29 +0000},
	Date-Modified = {2016-02-23 06:52:10 +0000},
	Journal = {Water Science and Technology: Water Supply},
	Number = {5-6},
	Pages = {393-402},
	Title = {Combined air-water flush in dead-end ultrafiltration},
	Volume = {1},
	Year = {2001}}

@article{01kim,
	Author = {Kim, J.-O. and Somiya, I.},
	Date-Added = {2016-02-22 02:28:19 +0000},
	Date-Modified = {2016-02-22 02:28:52 +0000},
	Journal = {Environmental Technology},
	Number = {1},
	Pages = {7-15},
	Title = {Effective Combination of Microfiltration and Intermittent Ozonation for High Permeation Flux and VFAs Recovery from Coagulated Raw Sludge},
	Volume = {22},
	Year = {2001}}

@article{05kar,
	Author = {Karnik, Bhavana S. and Davies, Simon H.R. and Chen, Kuan C. and Jaglowski, David R. and Baumann, Melissa J. and Masten, S.J.},
	Date-Added = {2016-02-22 02:17:58 +0000},
	Date-Modified = {2016-02-22 02:27:15 +0000},
	Journal = {Water Research},
	Number = {4},
	Pages = {728-734},
	Title = {Effects of ozonation on the permeate flux of nanocrystalline ceramic membranes},
	Volume = {39},
	Year = {2005}}

@article{04yav,
	Author = {Yavich, Alex A and Lee, Kyung-Hyuk and Chen, Kuan-Chung and Pape, Lars and Masten, Susan J},
	Date-Added = {2016-02-22 02:11:24 +0000},
	Date-Modified = {2016-02-22 02:12:20 +0000},
	Journal = {Water Research},
	Number = {12},
	Pages = {2839-2846},
	Title = {Evaluation of biodegradability of NOM after ozonation},
	Volume = {38},
	Year = {2004}}

@book{96mik,
	Date-Added = {2016-02-21 22:51:42 +0000},
	Date-Modified = {2016-02-21 22:52:50 +0000},
	Editor = {Mikel Duke and Dongyuan Zhao and Raphael Semiat},
	Publisher = {Wiley-VCH},
	Title = {Functional nanostructured materials and membranes for water treatment},
	Year = {2013}}

@article{72kim,
	Author = {Kim, Wun-Gwi ; Nair, Sankar},
	Date-Added = {2016-02-21 06:43:05 +0000},
	Date-Modified = {2016-02-21 06:43:40 +0000},
	Journal = {Chemical Engineering Science},
	Pages = {908-924},
	Title = {Membranes from nanoporous 1D and 2D materials: A review of opportunities, developments, and challenges},
	Volume = {104},
	Year = {2013}}

@article{681rob,
	Author = {Robeson, Lloyd M.},
	Date-Added = {2016-02-21 06:04:11 +0000},
	Date-Modified = {2016-02-21 06:04:47 +0000},
	Journal = {Journal of Membrane Science},
	Number = {1},
	Pages = {390-400},
	Title = {The upper bound revisited},
	Volume = {320},
	Year = {2008}}

@article{68gei,
	Author = {Geise, Geoffrey M. and Park, Ho Bum and Sagle, Alyson C. and Freeman, Benny D. and McGrath, James E.},
	Date-Added = {2016-02-21 05:56:30 +0000},
	Date-Modified = {2016-02-21 05:57:33 +0000},
	Journal = {Journal of Membrane Science},
	Number = {1},
	Pages = {130-138},
	Title = {Water permeability and water/salt selectivity tradeoff in polymers for desalination},
	Volume = {369},
	Year = {2011}}

@article{13war,
	Author = {Warkiani, Majid Ebrahimi and Bhagat, Ali Asgar S and Khoo, Bee Luan and Han, Jongyoon and Lim, Chwee Teck and Gong, Hai Qing and Fane, Anthony Gordon},
	Date-Added = {2016-02-20 09:07:36 +0000},
	Date-Modified = {2016-02-20 09:09:26 +0000},
	Journal = {ACS nano},
	Month = {March},
	Number = {3},
	Pages = {1882-904},
	Title = {Isoporous Micro/Nanoengineered Membranes},
	Volume = {7},
	Year = {2013}}

@article{11pau,
	Author = {Paul Zavala-Rivera and Kevin Channon and Vincent Nguyen and Easan Sivaniah and Dinesh Kabra and Richard H. Friend and S. K. Nataraj and Shaheen A. Al-Muhtaseb and Alexander Hexemer and Mauricio E. Calvo and Hernan Miguez},
	Date-Added = {2016-02-20 08:31:54 +0000},
	Date-Modified = {2016-02-20 08:33:11 +0000},
	Journal = {Nature Materials},
	Number = {1},
	Pages = {53},
	Title = {Collective osmotic shock in ordered materials},
	Volume = {11},
	Year = {2011}}

@article{11war,
	Author = {Warkiani, Majid Ebrahimi and Chen, Longqing and Lou, Chao-Ping and Liu, Hao-Bing and Zhang, Rui and Gong, Hai-Qing},
	Date-Added = {2016-02-20 08:30:14 +0000},
	Date-Modified = {2016-02-20 08:31:18 +0000},
	Journal = {Journal of Membrane Science},
	Pages = {560-568},
	Title = {Capturing and recovering of Cryptosporidium parvum oocysts with polymeric micro-fabricated filter},
	Volume = {369(1)},
	Year = {2011}}

@article{57shi,
	Author = {Shi, Qing and Su, Yanlei and Zhao, Wei and Li, Chao and Hu, Yaohui and Jiang, Zhongyi and Zhu, Shiping},
	Date-Added = {2016-02-20 07:42:15 +0000},
	Date-Modified = {2016-02-20 07:43:13 +0000},
	Journal = {Journal of Membrane Science},
	Pages = {271-278},
	Title = {Zwitterionic polyethersulfone ultrafiltration membrane with superior antifouling property},
	Volume = {319(1)},
	Year = {2008}}

@article{563mag,
	Author = {Rybak, Aleksandra and Grzywna, Zbigniew J. and Kaszuwara, Waldemar},
	Date-Added = {2016-02-20 07:29:16 +0000},
	Date-Modified = {2016-02-20 07:30:06 +0000},
	Journal = {Journal of Membrane Science},
	Pages = {79-85},
	Title = {On the air enrichment by polymer magnetic membranes},
	Volume = {336(1)},
	Year = {2009}}

@article{562ele,
	Author = {Chen, Hong and Palmese, Giuseppe R. and Elabd, Yossef A.},
	Date-Added = {2016-02-20 07:28:07 +0000},
	Date-Modified = {2016-02-20 07:29:11 +0000},
	Journal = {Macromolecules},
	Pages = {781-782},
	Title = {Electrosensitive Permeability of Membranes with Electrosensitive Permeability of Membranes with Oriented Polyelectrolyte Nanodomains},
	Volume = {40(4)},
	Year = {2007}}

@article{561bio,
	Author = {Miyata, Takashi and Uragami, Tadashi and Nakamae, Katsuhiko},
	Date-Added = {2016-02-20 07:25:50 +0000},
	Date-Modified = {2016-02-20 07:26:30 +0000},
	Journal = {Advanced Drug Delivery Reviews},
	Pages = {79-98},
	Title = {Biomolecule-sensitive hydrogels},
	Volume = {54(1)},
	Year = {2002}}

@article{53kim,
	Author = {Kimura, Keiichi and Sakamoto, Hidefumi and Uda, Ryoko M.},
	Date-Added = {2016-02-20 07:12:38 +0000},
	Date-Modified = {2016-02-20 07:13:37 +0000},
	Journal = {Macromolecules},
	Pages = {1871-1876},
	Title = {Cation Complexation, Photochromism, and Photoresponsive Ion-Conducting Behavior of Crowned Spirobenzopyran Vinyl Polymers},
	Volume = {37(5)},
	Year = {2004}}

@article{492sin,
	Author = {Singh, Nripen and Wang, Jun and Ulbricht, Mathias and Wickramasinghe, S. Ranil and Husson, Scott M.},
	Date-Added = {2016-02-20 06:42:03 +0000},
	Date-Modified = {2016-02-20 06:42:57 +0000},
	Journal = {Journal of Membrane Science},
	Pages = {64-72},
	Title = {Surface-initiated atom transfer radical polymerization: A new method for preparation of polymeric membrane adsorbers},
	Volume = {309(1)},
	Year = {2008}}

@article{49zha,
	Author = {Zhai, Guangqun and Toh, S. C. and Tan, W. L. and Kang, E. T. and Neoh, K. G. and Huang, C. C. and Liaw, D. J.},
	Date-Added = {2016-02-20 06:40:16 +0000},
	Date-Modified = {2016-02-20 07:32:34 +0000},
	Journal = {Langmuir},
	Month = {August},
	Pages = {7030-7037},
	Title = {Poly(vinylidene fluoride) with Grafted Zwitterionic Polymer Side Chains for Electrolyte-Responsive Microfiltration Membranes},
	Volume = {19(17)},
	Year = {2008}}

@article{50yin,
	Author = {Ying, L. and Kang, E.T. and Neoh, K.G. and Kato, K. and Iwata, H.},
	Date-Added = {2016-02-20 06:36:22 +0000},
	Date-Modified = {2016-02-20 06:37:12 +0000},
	Journal = {Journal of Membrane Science},
	Pages = {253-262},
	Title = {Drug permeation through temperature-sensitive membranes prepared from poly(vinylidene fluoride) with grafted poly( N-isopropylacrylamide) chains},
	Volume = {243(1)},
	Year = {2004}}

@article{482gud,
	Author = {Gudeman, Linda F. and Peppas, Nikolaos A.},
	Date-Added = {2016-02-20 06:33:39 +0000},
	Date-Modified = {2016-02-20 06:34:20 +0000},
	Journal = {Journal of Membrane Science},
	Pages = {239-248},
	Title = {pH-sensitive membranes from poly(vinyl alcohol)/poly(acrylic acid) interpenetrating networks},
	Volume = {107(3)},
	Year = {1995}}

@article{481oak,
	Author = {Oak, Mangala S. and Kobayashi, Takaomi and Wang, Hong Ying and Fukaya, Takahiro and Fujii, Nobuyuki},
	Date-Added = {2016-02-20 06:31:40 +0000},
	Date-Modified = {2016-02-20 06:32:41 +0000},
	Journal = {Journal of Membrane Science},
	Pages = {185-195},
	Title = {pH effect on molecular size exclusion of polyacrylonitrile ultrafiltration membranes having carboxylic acid groups},
	Volume = {123(2)},
	Year = {1997}}

@article{48lia,
	Author = {Liao, Yuan and Wang, Rong and Fane, Anthony G},
	Date-Added = {2016-02-20 05:18:40 +0000},
	Date-Modified = {2016-02-20 05:23:16 +0000},
	Journal = {Environmental science and technology},
	Month = {June},
	Pages = {6335-6341},
	Title = {Fabrication of bioinspired composite nanofiber membranes with robust superhydrophobicity for direct contact membrane distillation},
	Volume = {48(11)},
	Year = {2014}}

@article{47hua,
	Author = {Huang, Xiao-Jun and Xu, Zhi-Kang and Huang, Xiao-Dan and Wang, Zhen-Gang and Yao, Ke},
	Date-Added = {2016-02-20 05:07:33 +0000},
	Date-Modified = {2016-02-20 05:08:30 +0000},
	Journal = {Polymer},
	Pages = {3141-3149},
	Title = {Biomimetic surface modification on polyacrylonitrile-based asymmetric membranes via direct formation of phospholipid moieties},
	Volume = {47(9)},
	Year = {2006}}

@article{43fyl,
	Author = {Fyles, Thomas M.},
	Date-Added = {2016-02-20 04:39:53 +0000},
	Date-Modified = {2016-02-20 04:40:40 +0000},
	Journal = {Chemical Society Reviews},
	Pages = {335-347},
	Title = {Synthetic ion channels in bilayer membranes},
	Volume = {36(2)},
	Year = {2007}}

@article{42kum,
	Author = {Kumar, Manish and Grzelakowski, Mariusz and Zilles, Julie and Clark, Mark and Meier, Wolfgang},
	Date-Added = {2016-02-20 04:33:52 +0000},
	Date-Modified = {2016-02-20 04:37:59 +0000},
	Journal = {Proceedings of the National Academy of Sciences of the United States},
	Month = {December},
	Pages = {20719},
	Title = {Highly permeable polymeric membranes based on the incorporation of the functional water channel protein Aquaporin Z},
	Volume = {104(52)},
	Year = {2007}}

@article{14she,
	Author = {Shen, Yue - Xiao and Saboe, Patrick O. and Sines, Ian T. and Erbakan, Mustafa and Kumar, Manish},
	Date-Added = {2016-02-20 04:06:51 +0000},
	Date-Modified = {2016-02-20 04:08:07 +0000},
	Journal = {Journal of Membrane Science},
	Month = {March},
	Pages = {359},
	Title = {Biomimetic membranes: A review},
	Volume = {454},
	Year = {2014}}

@article{26gho,
	Author = {Ghosh, Asim K. and Jeong, Byeong-Heon and Huang, Xiaofei and Hoek, Eric M.V.},
	Date-Added = {2016-02-20 01:38:34 +0000},
	Date-Modified = {2016-02-20 01:39:31 +0000},
	Journal = {Journal of Membrane Science},
	Pages = {34-45},
	Title = {Impacts of reaction and curing conditions on polyamide composite reverse osmosis membrane properties},
	Volume = {311(1)},
	Year = {2008}}

@article{25nam,
	Author = {Oh, Nam‚Äêwun and Jegal, Jonggeon and Lee, Kew‚Äêho},
	Date-Added = {2016-02-20 01:31:07 +0000},
	Date-Modified = {2016-02-20 01:31:56 +0000},
	Journal = {Journal of Applied Polymer Science},
	Pages = {2729-2736},
	Title = {Preparation and characterization of nanofiltration composite membranes using polyacrylonitrile (PAN). II. Preparation and characterization of polyamide composite membranes},
	Volume = {80(14)},
	Year = {2001}}

@article{24kim,
	Author = {Kim, C.K and Kim, J.H and Roh, I.J and Kim, J.J},
	Date-Added = {2016-02-20 01:12:06 +0000},
	Date-Modified = {2016-02-20 01:13:26 +0000},
	Journal = {Journal of Membrane Science},
	Pages = {189-199},
	Title = {The changes of membrane performance with polyamide molecular structure in the reverse osmosis process},
	Volume = {165(2)},
	Year = {2000}}

@article{10wan,
	Author = {Wang, R and Shi, L and Tang, Cy and Chou, S and Qiu, C and Fane, Ag},
	Date-Added = {2016-02-18 07:07:42 +0000},
	Date-Modified = {2016-02-18 07:08:37 +0000},
	Journal = {Journal Of Membrane Science},
	Number = {1-2},
	Pages = {158-167},
	Title = {Characterization of novel forward osmosis hollow fiber membranes},
	Volume = {355},
	Year = {2010}}

@article{13cho,
	Author = {Chou, Shuren and Wang, Rong and Fane, Anthony G},
	Date-Added = {2016-02-18 07:04:33 +0000},
	Date-Modified = {2016-02-18 07:06:29 +0000},
	Journal = {Journal of Membrane Science},
	Pages = {44-54},
	Title = {Robust and High performance hollow fiber membranes for energy harvesting from salinity gradients by pressure retarded osmosis},
	Volume = {448},
	Year = {2013}}

@book{65mor,
	Author = {Morgan, Paul W},
	Date-Added = {2016-02-18 06:48:44 +0000},
	Date-Modified = {2016-02-18 06:49:59 +0000},
	Publisher = {New York : Interscience},
	Series = {Polymer reviews},
	Title = {Condensation polymers : by interfacial and solution methods},
	Year = {1965}}
